<?xml version="1.0" encoding="UTF-8"?>
<!-- 
This is a subset of the  Gemeinsame Normdatei (GND) a collection of authority records
provided by the German National Library. (http://www.dnb.de/EN/Home/home_node.html)
The GND is published with the CC0 license (https://creativecommons.org/publicdomain/zero/1.0/)
The data was downloaded 2017-03-09
-->
<collection xmlns="http://www.loc.gov/MARC21/slim">
<record type="Authority">
    <leader>00000nz  a2200000n  4500</leader>
    <controlfield tag="001">112539398X</controlfield>
    <controlfield tag="003">DE-101</controlfield>
    <controlfield tag="005">20170213140200.0</controlfield>
    <controlfield tag="008">170213n||aznnnaabn           | ana    |c</controlfield>
    <datafield tag="024" ind1="7" ind2=" ">
      <subfield code="a">http://d-nb.info/gnd/112539398X</subfield>
      <subfield code="2">uri</subfield>
    </datafield>
    <datafield tag="035" ind1=" " ind2=" ">
      <subfield code="a">(DE-101)112539398X</subfield>
    </datafield>
    <datafield tag="035" ind1=" " ind2=" ">
      <subfield code="a">(DE-588)112539398X</subfield>
    </datafield>
    <datafield tag="040" ind1=" " ind2=" ">
      <subfield code="a">DE-101</subfield>
      <subfield code="9">r:DE-101</subfield>
      <subfield code="b">ger</subfield>
      <subfield code="d">1340</subfield>
      <subfield code="e">rda</subfield>
    </datafield>
    <datafield tag="079" ind1=" " ind2=" ">
      <subfield code="a">g</subfield>
      <subfield code="b">u</subfield>
      <subfield code="c">1</subfield>
      <subfield code="q">m</subfield>
      <subfield code="q">f</subfield>
      <subfield code="u">m</subfield>
      <subfield code="v">wim</subfield>
    </datafield>
    <datafield tag="110" ind1="2" ind2=" ">
      <subfield code="a">Born Loose</subfield>
      <subfield code="g">Musikgruppe</subfield>
      <subfield code="t">Death from above</subfield>
      <subfield code="g">Musikalbum</subfield>
    </datafield>
    <datafield tag="380" ind1=" " ind2=" ">
      <subfield code="0">(DE-101)1077267533</subfield>
      <subfield code="0">(DE-588)1077267533</subfield>
      <subfield code="0">http://d-nb.info/gnd/1077267533</subfield>
      <subfield code="a">Musikalbum</subfield>
      <subfield code="2">gnd</subfield>
    </datafield>
    <datafield tag="510" ind1="2" ind2=" ">
      <subfield code="0">(DE-101)1081565705</subfield>
      <subfield code="0">(DE-588)1081565705</subfield>
      <subfield code="0">http://d-nb.info/gnd/1081565705</subfield>
      <subfield code="a">Born Loose</subfield>
      <subfield code="g">Musikgruppe</subfield>
      <subfield code="9">4:kom1</subfield>
      <subfield code="w">r</subfield>
      <subfield code="i">Komponist1</subfield>
      <subfield code="e">Komponist1</subfield>
    </datafield>
    <datafield tag="670" ind1=" " ind2=" ">
      <subfield code="a">Vorlage (AKZ L-2017-503472)</subfield>
    </datafield>
  </record>