
  <record type="Authority">
    <leader>00000nz  a2200000o  4500</leader>
    <controlfield tag="001">1125394005</controlfield>
    <controlfield tag="003">DE-101</controlfield>
    <controlfield tag="005">20170213140212.0</controlfield>
    <controlfield tag="008">170213n||aznnnaabn           | ana    |c</controlfield>
    <datafield tag="024" ind1="7" ind2=" ">
      <subfield code="a">http://d-nb.info/gnd/1125394005</subfield>
      <subfield code="2">uri</subfield>
    </datafield>
    <datafield tag="035" ind1=" " ind2=" ">
      <subfield code="a">(DE-101)1125394005</subfield>
    </datafield>
    <datafield tag="035" ind1=" " ind2=" ">
      <subfield code="a">(DE-588)1125394005</subfield>
    </datafield>
    <datafield tag="040" ind1=" " ind2=" ">
      <subfield code="a">DE-12</subfield>
      <subfield code="9">r:DE-12</subfield>
      <subfield code="b">ger</subfield>
      <subfield code="d">8999</subfield>
      <subfield code="e">rda</subfield>
    </datafield>
    <datafield tag="043" ind1=" " ind2=" ">
      <subfield code="c">XA-FR</subfield>
    </datafield>
    <datafield tag="079" ind1=" " ind2=" ">
      <subfield code="a">g</subfield>
      <subfield code="b">u</subfield>
      <subfield code="c">3</subfield>
      <subfield code="q">f</subfield>
      <subfield code="v">wit</subfield>
    </datafield>
    <datafield tag="100" ind1="1" ind2=" ">
      <subfield code="a">Gautier, Théophile</subfield>
      <subfield code="d">1811-1872</subfield>
      <subfield code="t">Voyage en Égypte</subfield>
    </datafield>
    <datafield tag="500" ind1="1" ind2=" ">
      <subfield code="0">(DE-101)11853789X</subfield>
      <subfield code="0">(DE-588)11853789X</subfield>
      <subfield code="0">http://d-nb.info/gnd/11853789X</subfield>
      <subfield code="a">Gautier, Théophile</subfield>
      <subfield code="d">1811-1872</subfield>
      <subfield code="9">4:aut1</subfield>
      <subfield code="w">r</subfield>
      <subfield code="i">Verfasserschaft1</subfield>
      <subfield code="e">Verfasserschaft1</subfield>
    </datafield>
  </record>