
  <record type="Authority">
    <leader>00000nz  a2200000o  4500</leader>
    <controlfield tag="001">1125394455</controlfield>
    <controlfield tag="003">DE-101</controlfield>
    <controlfield tag="005">20170213140831.0</controlfield>
    <controlfield tag="008">170213n||aznnnaabn           | ana    |c</controlfield>
    <datafield tag="024" ind1="7" ind2=" ">
      <subfield code="a">http://d-nb.info/gnd/1125394455</subfield>
      <subfield code="2">uri</subfield>
    </datafield>
    <datafield tag="035" ind1=" " ind2=" ">
      <subfield code="a">(DE-101)1125394455</subfield>
    </datafield>
    <datafield tag="035" ind1=" " ind2=" ">
      <subfield code="a">(DE-588)1125394455</subfield>
    </datafield>
    <datafield tag="040" ind1=" " ind2=" ">
      <subfield code="a">CH-ZuZBF</subfield>
      <subfield code="9">r:CH-ZuZBF</subfield>
      <subfield code="b">ger</subfield>
      <subfield code="d">1601</subfield>
      <subfield code="e">rda</subfield>
    </datafield>
    <datafield tag="079" ind1=" " ind2=" ">
      <subfield code="a">g</subfield>
      <subfield code="b">u</subfield>
      <subfield code="c">3</subfield>
      <subfield code="q">f</subfield>
      <subfield code="q">m</subfield>
      <subfield code="v">wim</subfield>
    </datafield>
    <datafield tag="100" ind1="1" ind2=" ">
      <subfield code="a">Nováček, Rudolf</subfield>
      <subfield code="d">1860-1929</subfield>
      <subfield code="t">Märchenzauber</subfield>
    </datafield>
    <datafield tag="377" ind1=" " ind2="7">
      <subfield code="a">zxx</subfield>
      <subfield code="2">iso639-2b</subfield>
    </datafield>
    <datafield tag="380" ind1=" " ind2=" ">
      <subfield code="0">(DE-101)041890426</subfield>
      <subfield code="0">(DE-588)4189042-5</subfield>
      <subfield code="0">http://d-nb.info/gnd/4189042-5</subfield>
      <subfield code="a">Walzer</subfield>
      <subfield code="2">gnd</subfield>
    </datafield>
    <datafield tag="382" ind1=" " ind2=" ">
      <subfield code="0">(DE-101)040309827</subfield>
      <subfield code="0">(DE-588)4030982-4</subfield>
      <subfield code="0">http://d-nb.info/gnd/4030982-4</subfield>
      <subfield code="a">Klavier</subfield>
      <subfield code="n">1</subfield>
      <subfield code="2">gnd</subfield>
    </datafield>
    <datafield tag="382" ind1=" " ind2=" ">
      <subfield code="s">1</subfield>
      <subfield code="2">gnd</subfield>
    </datafield>
    <datafield tag="383" ind1=" " ind2=" ">
      <subfield code="b">op. 85</subfield>
    </datafield>
    <datafield tag="500" ind1="1" ind2=" ">
      <subfield code="0">(DE-101)134474937</subfield>
      <subfield code="0">(DE-588)134474937</subfield>
      <subfield code="0">http://d-nb.info/gnd/134474937</subfield>
      <subfield code="a">Nováček, Rudolf</subfield>
      <subfield code="d">1860-1929</subfield>
      <subfield code="9">4:kom1</subfield>
      <subfield code="w">r</subfield>
      <subfield code="i">Komponist1</subfield>
      <subfield code="e">Komponist1</subfield>
    </datafield>
    <datafield tag="667" ind1=" " ind2=" ">
      <subfield code="a">IDS noch nicht geprüft</subfield>
    </datafield>
    <datafield tag="670" ind1=" " ind2=" ">
      <subfield code="a">Vorlage</subfield>
    </datafield>
  </record>