
  <record type="Authority">
    <leader>00000nz  a2200000o  4500</leader>
    <controlfield tag="001">1125395036</controlfield>
    <controlfield tag="003">DE-101</controlfield>
    <controlfield tag="005">20170213141754.0</controlfield>
    <controlfield tag="008">170213n||aznnnaabn           | ana    |c</controlfield>
    <datafield tag="024" ind1="7" ind2=" ">
      <subfield code="a">http://d-nb.info/gnd/1125395036</subfield>
      <subfield code="2">uri</subfield>
    </datafield>
    <datafield tag="035" ind1=" " ind2=" ">
      <subfield code="a">(DE-101)1125395036</subfield>
    </datafield>
    <datafield tag="035" ind1=" " ind2=" ">
      <subfield code="a">(DE-588)1125395036</subfield>
    </datafield>
    <datafield tag="040" ind1=" " ind2=" ">
      <subfield code="a">DE-715</subfield>
      <subfield code="9">r:DE-1</subfield>
      <subfield code="b">ger</subfield>
      <subfield code="d">0715</subfield>
      <subfield code="e">rda</subfield>
    </datafield>
    <datafield tag="043" ind1=" " ind2=" ">
      <subfield code="c">XD-US</subfield>
    </datafield>
    <datafield tag="079" ind1=" " ind2=" ">
      <subfield code="a">g</subfield>
      <subfield code="b">u</subfield>
      <subfield code="c">3</subfield>
      <subfield code="q">f</subfield>
      <subfield code="q">m</subfield>
      <subfield code="v">wim</subfield>
    </datafield>
    <datafield tag="100" ind1="1" ind2=" ">
      <subfield code="a">Pinkard, Maceo</subfield>
      <subfield code="d">1897-1962</subfield>
      <subfield code="t">Them there eyes</subfield>
    </datafield>
    <datafield tag="380" ind1=" " ind2=" ">
      <subfield code="0">(DE-101)042410290</subfield>
      <subfield code="0">(DE-588)4241029-0</subfield>
      <subfield code="0">http://d-nb.info/gnd/4241029-0</subfield>
      <subfield code="a">Jazzsong</subfield>
      <subfield code="2">gnd</subfield>
    </datafield>
    <datafield tag="400" ind1="1" ind2=" ">
      <subfield code="a">Pinkard, Maceo</subfield>
      <subfield code="d">1897-1962</subfield>
      <subfield code="t">Then there eyes</subfield>
    </datafield>
    <datafield tag="500" ind1="1" ind2=" ">
      <subfield code="0">(DE-101)1028979517</subfield>
      <subfield code="0">(DE-588)1028979517</subfield>
      <subfield code="0">http://d-nb.info/gnd/1028979517</subfield>
      <subfield code="a">Pinkard, Maceo</subfield>
      <subfield code="d">1897-1962</subfield>
      <subfield code="9">4:kom1</subfield>
      <subfield code="w">r</subfield>
      <subfield code="i">Komponist1</subfield>
      <subfield code="e">Komponist1</subfield>
    </datafield>
    <datafield tag="500" ind1="1" ind2=" ">
      <subfield code="0">(DE-101)1125394471</subfield>
      <subfield code="0">(DE-588)1125394471</subfield>
      <subfield code="0">http://d-nb.info/gnd/1125394471</subfield>
      <subfield code="a">Tauber, Doris</subfield>
      <subfield code="d">1907-1996</subfield>
      <subfield code="9">4:koma</subfield>
      <subfield code="w">r</subfield>
      <subfield code="i">Komponist</subfield>
      <subfield code="e">Komponist</subfield>
    </datafield>
    <datafield tag="500" ind1="1" ind2=" ">
      <subfield code="0">(DE-101)1125393505</subfield>
      <subfield code="0">(DE-588)1125393505</subfield>
      <subfield code="0">http://d-nb.info/gnd/1125393505</subfield>
      <subfield code="a">Tracey, William</subfield>
      <subfield code="d">1893-1957</subfield>
      <subfield code="9">4:dich</subfield>
      <subfield code="w">r</subfield>
      <subfield code="i">Textdichter</subfield>
      <subfield code="e">Textdichter</subfield>
    </datafield>
    <datafield tag="548" ind1=" " ind2=" ">
      <subfield code="a">1930</subfield>
      <subfield code="9">4:dats</subfield>
      <subfield code="w">r</subfield>
      <subfield code="i">Erstellungszeit</subfield>
    </datafield>
    <datafield tag="670" ind1=" " ind2=" ">
      <subfield code="u">http://www.jazzstandards.com/compositions-2/themthereeyes.htm</subfield>
    </datafield>
    <datafield tag="670" ind1=" " ind2=" ">
      <subfield code="a">Wikipedia</subfield>
    </datafield>
  </record>