
  <record type="Authority">
    <leader>00000nz  a2200000o  4500</leader>
    <controlfield tag="001">1125396571</controlfield>
    <controlfield tag="003">DE-101</controlfield>
    <controlfield tag="005">20170213144441.0</controlfield>
    <controlfield tag="008">170213n||azznnaabn           | ana    |c</controlfield>
    <datafield tag="024" ind1="7" ind2=" ">
      <subfield code="a">http://d-nb.info/gnd/1125396571</subfield>
      <subfield code="2">uri</subfield>
    </datafield>
    <datafield tag="035" ind1=" " ind2=" ">
      <subfield code="a">(DE-101)1125396571</subfield>
    </datafield>
    <datafield tag="035" ind1=" " ind2=" ">
      <subfield code="a">(DE-588)1125396571</subfield>
    </datafield>
    <datafield tag="040" ind1=" " ind2=" ">
      <subfield code="a">DE-14</subfield>
      <subfield code="9">r:DE-576</subfield>
      <subfield code="b">ger</subfield>
      <subfield code="d">0014</subfield>
      <subfield code="e">rda</subfield>
    </datafield>
    <datafield tag="043" ind1=" " ind2=" ">
      <subfield code="c">XA-IT</subfield>
    </datafield>
    <datafield tag="065" ind1=" " ind2=" ">
      <subfield code="a">13.4p</subfield>
      <subfield code="2">sswd</subfield>
    </datafield>
    <datafield tag="079" ind1=" " ind2=" ">
      <subfield code="a">g</subfield>
      <subfield code="b">u</subfield>
      <subfield code="c">4</subfield>
      <subfield code="q">s</subfield>
      <subfield code="v">wit</subfield>
    </datafield>
    <datafield tag="100" ind1="1" ind2=" ">
      <subfield code="a">Carrà, Carlo</subfield>
      <subfield code="d">1881-1966</subfield>
      <subfield code="t">&#152;Das&#156; Begräbnis des Anarchisten Galli</subfield>
      <subfield code="n">Documenta 1955.102</subfield>
    </datafield>
    <datafield tag="380" ind1=" " ind2=" ">
      <subfield code="a">Ölgemälde</subfield>
      <subfield code="2">gnd</subfield>
    </datafield>
    <datafield tag="400" ind1="1" ind2=" ">
      <subfield code="a">Carrà, Carlo</subfield>
      <subfield code="d">1881-1966</subfield>
      <subfield code="t">&#152;I&#156; funerali dell'anarchico Galli</subfield>
      <subfield code="n">Monferini 200</subfield>
    </datafield>
    <datafield tag="500" ind1="1" ind2=" ">
      <subfield code="0">(DE-101)118519247</subfield>
      <subfield code="0">(DE-588)118519247</subfield>
      <subfield code="0">http://d-nb.info/gnd/118519247</subfield>
      <subfield code="a">Carrà, Carlo</subfield>
      <subfield code="d">1881-1966</subfield>
      <subfield code="9">4:kue1</subfield>
      <subfield code="w">r</subfield>
      <subfield code="i">Kuenstler1</subfield>
      <subfield code="e">Kuenstler1</subfield>
    </datafield>
    <datafield tag="510" ind1="2" ind2=" ">
      <subfield code="0">(DE-101)004042204</subfield>
      <subfield code="0">(DE-588)1007559-8</subfield>
      <subfield code="0">http://d-nb.info/gnd/1007559-8</subfield>
      <subfield code="a">&#152;The&#156; Museum of Modern Art</subfield>
      <subfield code="g">New York, NY</subfield>
      <subfield code="9">4:besi</subfield>
      <subfield code="w">r</subfield>
      <subfield code="i">Besitzer</subfield>
      <subfield code="e">Besitzer</subfield>
    </datafield>
    <datafield tag="548" ind1=" " ind2=" ">
      <subfield code="a">ca. 1911</subfield>
      <subfield code="9">4:datj</subfield>
      <subfield code="w">r</subfield>
      <subfield code="i">Erscheinungszeit</subfield>
    </datafield>
    <datafield tag="667" ind1=" " ind2=" ">
      <subfield code="a">FID-Kunst Malerei</subfield>
    </datafield>
    <datafield tag="670" ind1=" " ind2=" ">
      <subfield code="a">Documenta : Kunst des XX. Jahrhunderts, internationale Ausstellung im Museum Fridericianum in Kassel (15. Juli bis 18. September 1955)</subfield>
      <subfield code="b">S. 38, Nr. 102</subfield>
    </datafield>
    <datafield tag="670" ind1=" " ind2=" ">
      <subfield code="a">Monferini, Augusta (Hg.): Carlo Carrà, 1881 - 1966 : Galleria Nazionale d'Arte Moderna, Roma, 15 dicembre 1994 - 28 febbraio 1995 (1994), S. 200</subfield>
    </datafield>
    <datafield tag="678" ind1=" " ind2=" ">
      <subfield code="b">Öl/Leinwand, 185 x 260 cm</subfield>
    </datafield>
  </record>