
  <record type="Authority">
    <leader>00000nz  a2200000o  4500</leader>
    <controlfield tag="001">1125396636</controlfield>
    <controlfield tag="003">DE-101</controlfield>
    <controlfield tag="005">20170213144610.0</controlfield>
    <controlfield tag="008">170213n||aznnnaabn           | ana    |c</controlfield>
    <datafield tag="024" ind1="7" ind2=" ">
      <subfield code="a">http://d-nb.info/gnd/1125396636</subfield>
      <subfield code="2">uri</subfield>
    </datafield>
    <datafield tag="035" ind1=" " ind2=" ">
      <subfield code="a">(DE-101)1125396636</subfield>
    </datafield>
    <datafield tag="035" ind1=" " ind2=" ">
      <subfield code="a">(DE-588)1125396636</subfield>
    </datafield>
    <datafield tag="040" ind1=" " ind2=" ">
      <subfield code="a">DE-18</subfield>
      <subfield code="9">r:DE-18</subfield>
      <subfield code="b">ger</subfield>
      <subfield code="d">0018</subfield>
      <subfield code="e">rda</subfield>
    </datafield>
    <datafield tag="079" ind1=" " ind2=" ">
      <subfield code="a">g</subfield>
      <subfield code="b">u</subfield>
      <subfield code="c">3</subfield>
      <subfield code="q">f</subfield>
      <subfield code="v">wit</subfield>
    </datafield>
    <datafield tag="100" ind1="1" ind2=" ">
      <subfield code="a">Granin, Daniil</subfield>
      <subfield code="d">1919-</subfield>
      <subfield code="t">Moy leytenant</subfield>
    </datafield>
    <datafield tag="400" ind1="1" ind2=" ">
      <subfield code="a">Granin, Daniil</subfield>
      <subfield code="d">1919-</subfield>
      <subfield code="t">Mein Leutnant</subfield>
    </datafield>
    <datafield tag="500" ind1="1" ind2=" ">
      <subfield code="0">(DE-101)121371328</subfield>
      <subfield code="0">(DE-588)121371328</subfield>
      <subfield code="0">http://d-nb.info/gnd/121371328</subfield>
      <subfield code="a">Granin, Daniil</subfield>
      <subfield code="d">1919-</subfield>
      <subfield code="9">4:aut1</subfield>
      <subfield code="w">r</subfield>
      <subfield code="i">Verfasserschaft1</subfield>
      <subfield code="e">Verfasserschaft1</subfield>
    </datafield>
    <datafield tag="548" ind1=" " ind2=" ">
      <subfield code="a">2011</subfield>
      <subfield code="9">4:datj</subfield>
      <subfield code="w">r</subfield>
      <subfield code="i">Erscheinungszeit</subfield>
    </datafield>
  </record>