
  <record type="Authority">
    <leader>00000nz  a2200000o  4500</leader>
    <controlfield tag="001">1125396865</controlfield>
    <controlfield tag="003">DE-101</controlfield>
    <controlfield tag="005">20170213144959.0</controlfield>
    <controlfield tag="008">170213n||aznnnaabn           | ana    |c</controlfield>
    <datafield tag="024" ind1="7" ind2=" ">
      <subfield code="a">http://d-nb.info/gnd/1125396865</subfield>
      <subfield code="2">uri</subfield>
    </datafield>
    <datafield tag="035" ind1=" " ind2=" ">
      <subfield code="a">(DE-101)1125396865</subfield>
    </datafield>
    <datafield tag="035" ind1=" " ind2=" ">
      <subfield code="a">(DE-588)1125396865</subfield>
    </datafield>
    <datafield tag="040" ind1=" " ind2=" ">
      <subfield code="a">DE-101</subfield>
      <subfield code="9">r:DE-101</subfield>
      <subfield code="b">ger</subfield>
      <subfield code="d">1240</subfield>
      <subfield code="e">rda</subfield>
    </datafield>
    <datafield tag="079" ind1=" " ind2=" ">
      <subfield code="a">g</subfield>
      <subfield code="b">u</subfield>
      <subfield code="c">3</subfield>
      <subfield code="q">f</subfield>
      <subfield code="v">wit</subfield>
    </datafield>
    <datafield tag="130" ind1=" " ind2="0">
      <subfield code="a">Praxis Wirtschaft</subfield>
      <subfield code="g">Schulbuch</subfield>
    </datafield>
    <datafield tag="380" ind1=" " ind2=" ">
      <subfield code="0">(DE-101)040534588</subfield>
      <subfield code="0">(DE-588)4053458-3</subfield>
      <subfield code="0">http://d-nb.info/gnd/4053458-3</subfield>
      <subfield code="a">Schulbuch</subfield>
      <subfield code="2">gnd</subfield>
    </datafield>
  </record>