
  <record type="Authority">
    <leader>00000nz  a2200000o  4500</leader>
    <controlfield tag="001">1125396962</controlfield>
    <controlfield tag="003">DE-101</controlfield>
    <controlfield tag="005">20170213145124.0</controlfield>
    <controlfield tag="008">170213n||aznnnaabn           | ana    |c</controlfield>
    <datafield tag="024" ind1="7" ind2=" ">
      <subfield code="a">http://d-nb.info/gnd/1125396962</subfield>
      <subfield code="2">uri</subfield>
    </datafield>
    <datafield tag="035" ind1=" " ind2=" ">
      <subfield code="a">(DE-101)1125396962</subfield>
    </datafield>
    <datafield tag="035" ind1=" " ind2=" ">
      <subfield code="a">(DE-588)1125396962</subfield>
    </datafield>
    <datafield tag="040" ind1=" " ind2=" ">
      <subfield code="a">AT-UBMW</subfield>
      <subfield code="9">r:AT-OBV</subfield>
      <subfield code="b">ger</subfield>
      <subfield code="d">1400</subfield>
      <subfield code="e">rda</subfield>
    </datafield>
    <datafield tag="065" ind1=" " ind2=" ">
      <subfield code="a">14.4p</subfield>
      <subfield code="2">sswd</subfield>
    </datafield>
    <datafield tag="079" ind1=" " ind2=" ">
      <subfield code="a">g</subfield>
      <subfield code="b">u</subfield>
      <subfield code="c">3</subfield>
      <subfield code="q">m</subfield>
      <subfield code="q">f</subfield>
      <subfield code="v">wim</subfield>
    </datafield>
    <datafield tag="100" ind1="1" ind2=" ">
      <subfield code="a">Bruckner, Anton</subfield>
      <subfield code="d">1824-1896</subfield>
      <subfield code="t">Am Grabe</subfield>
    </datafield>
    <datafield tag="377" ind1=" " ind2="7">
      <subfield code="a">ger</subfield>
      <subfield code="2">iso639-2b</subfield>
    </datafield>
    <datafield tag="382" ind1=" " ind2=" ">
      <subfield code="0">(DE-101)041684672</subfield>
      <subfield code="0">(DE-588)4168467-9</subfield>
      <subfield code="0">http://d-nb.info/gnd/4168467-9</subfield>
      <subfield code="a">Männer-Chor</subfield>
      <subfield code="v">4-stimmig</subfield>
      <subfield code="2">gnd</subfield>
    </datafield>
    <datafield tag="383" ind1=" " ind2=" ">
      <subfield code="c">WAB 2</subfield>
    </datafield>
    <datafield tag="384" ind1="0" ind2=" ">
      <subfield code="a">f-Moll</subfield>
    </datafield>
    <datafield tag="400" ind1="1" ind2=" ">
      <subfield code="a">Bruckner, Anton</subfield>
      <subfield code="d">1824-1896</subfield>
      <subfield code="t">Brüder, trocknet euer Zähren</subfield>
    </datafield>
    <datafield tag="500" ind1="1" ind2=" ">
      <subfield code="0">(DE-101)118515799</subfield>
      <subfield code="0">(DE-588)118515799</subfield>
      <subfield code="0">http://d-nb.info/gnd/118515799</subfield>
      <subfield code="a">Bruckner, Anton</subfield>
      <subfield code="d">1824-1896</subfield>
      <subfield code="9">4:kom1</subfield>
      <subfield code="w">r</subfield>
      <subfield code="i">Komponist1</subfield>
      <subfield code="e">Komponist1</subfield>
    </datafield>
    <datafield tag="548" ind1=" " ind2=" ">
      <subfield code="a">1861</subfield>
      <subfield code="9">4:dats</subfield>
      <subfield code="w">r</subfield>
      <subfield code="i">Erstellungszeit</subfield>
    </datafield>
    <datafield tag="670" ind1=" " ind2=" ">
      <subfield code="a">WAB</subfield>
    </datafield>
  </record>